@article{Fuzz,
 author = {Miller, Barton P. and Fredriksen, Louis and So, Bryan},
 title = {An Empirical Study of the Reliability of UNIX Utilities},
 journal = {Commun. ACM},
 issue_date = {Dec. 1990},
 volume = {33},
 number = {12},
 month = dec,
 year = {1990},
 issn = {0001-0782},
 pages = {32--44},
 numpages = {13},
 url = {http://doi.acm.org/10.1145/96267.96279},
 doi = {10.1145/96267.96279},
 acmid = {96279},
 publisher = {ACM},
 address = {New York, NY, USA},
} 
@article{Maple,
 author = {Yu, Jie and Narayanasamy, Satish and Pereira, Cristiano and Pokam, Gilles},
 title = {Maple: A Coverage-driven Testing Tool for Multithreaded Programs},
 journal = {SIGPLAN Not.},
 issue_date = {October 2012},
 volume = {47},
 number = {10},
 month = oct,
 year = {2012},
 issn = {0362-1340},
 pages = {485--502},
 numpages = {18},
 url = {http://doi.acm.org/10.1145/2398857.2384651},
 doi = {10.1145/2398857.2384651},
 acmid = {2384651},
 publisher = {ACM},
 address = {New York, NY, USA},
 keywords = {concurrency, coverage, debugging, idioms, testing},
} 
@article{Eraser,
 author = {Savage, Stefan and Burrows, Michael and Nelson, Greg and Sobalvarro, Patrick and Anderson, Thomas},
 title = {Eraser: A Dynamic Data Race Detector for Multithreaded Programs},
 journal = {ACM Trans. Comput. Syst.},
 issue_date = {Nov. 1997},
 volume = {15},
 number = {4},
 month = nov,
 year = {1997},
 issn = {0734-2071},
 pages = {391--411},
 numpages = {21},
 url = {http://doi.acm.org/10.1145/265924.265927},
 doi = {10.1145/265924.265927},
 acmid = {265927},
 publisher = {ACM},
 address = {New York, NY, USA},
 keywords = {binary code modification, multithreaded programming, race detection},
} 

@article{Thomson,
 author = {Thomson, Paul and Donaldson, Alastair F. and Betts, Adam},
 title = {Concurrency Testing Using Schedule Bounding: An Empirical Study},
 journal = {SIGPLAN Not.},
 issue_date = {August 2014},
 volume = {49},
 number = {8},
 month = feb,
 year = {2014},
 issn = {0362-1340},
 pages = {15--28},
 numpages = {14},
 url = {http://doi.acm.org/10.1145/2692916.2555260},
 doi = {10.1145/2692916.2555260},
 acmid = {2555260},
 publisher = {ACM},
 address = {New York, NY, USA},
 keywords = {concurrency, context bounding, stateless model checking, systematic concurrency testing},
} 
@article{Cuzz,
 author = {Burckhardt, Sebastian and Kothari, Pravesh and Musuvathi, Madanlal and Nagarakatte, Santosh},
 title = {A Randomized Scheduler with Probabilistic Guarantees of Finding Bugs},
 journal = {SIGPLAN Not.},
 issue_date = {March 2010},
 volume = {45},
 number = {3},
 month = mar,
 year = {2010},
 issn = {0362-1340},
 pages = {167--178},
 numpages = {12},
 url = {http://doi.acm.org/10.1145/1735971.1736040},
 doi = {10.1145/1735971.1736040},
 acmid = {1736040},
 publisher = {ACM},
 address = {New York, NY, USA},
 keywords = {concurrency, race conditions, randomized algorithms, testing},
}

@inproceedings{Liblit,
 author = {Jin, Guoliang and Zhang, Wei and Deng, Dongdong and Liblit, Ben and Lu, Shan},
 title = {Automated Concurrency-bug Fixing},
 booktitle = {Proceedings of the 10th USENIX Conference on Operating Systems Design and Implementation},
 series = {OSDI'12},
 year = {2012},
 isbn = {978-1-931971-96-6},
 location = {Hollywood, CA, USA},
 pages = {221--236},
 numpages = {16},
 url = {http://dl.acm.org/citation.cfm?id=2387880.2387902},
 acmid = {2387902},
 publisher = {USENIX Association},
 address = {Berkeley, CA, USA},
} 
@inproceedings{Dyninst1,
 author = {Bernat, Andrew R. and Miller, Barton P.},
 title = {Anywhere, Any-time Binary Instrumentation},
 booktitle = {Proceedings of the 10th ACM SIGPLAN-SIGSOFT Workshop on Program Analysis for Software Tools},
 series = {PASTE '11},
 year = {2011},
 isbn = {978-1-4503-0849-6},
 location = {Szeged, Hungary},
 pages = {9--16},
 numpages = {8},
 url = {http://doi.acm.org/10.1145/2024569.2024572},
 doi = {10.1145/2024569.2024572},
 acmid = {2024572},
 publisher = {ACM},
 address = {New York, NY, USA},
 keywords = {binary instrumentation, binary rewriting, dynamic instrumentation},
} 
@misc{Dyninst2,
  title = {Dyninst Programmers Guide},
  howpublished = {\url{http://www.dyninst.org/sites/default/files/manuals/dyninst/DyninstAPI.pdf}},
  note = {Accessed: 2014-10-04}
}
@misc{pbzip2,
  title = {PBZIP2 source code},
  howpublished = {\url{http://compression.ca/pbzip2/pbzip2-1.1.8.tar.gz}},
  note = {Accessed: 2014-10-20}
}
@misc{axel,
  title = {axel source code},
  howpublished = {\url{https://alioth.debian.org/frs/download.php/latestzip/906/axel-latest.zip}},
  note = {Accessed: 2014-11-17}
}
@misc{ffmpeg,
  title = {ffmpeg source code},
  howpublished = {\url{https://www.ffmpeg.org/download.html}},
  note = {Accessed: 2014-11-07}
}
@misc{mysql,
  title = {MySQL source code},
  howpublished = {\url{http://dev.mysql.com/downloads/mysql/}},
  note = {Accessed: 2014-11-05}
}
@misc{apache,
  title = {Apache source code},
  howpublished = {\url{http://httpd.apache.org/download.cgi}},
  note = {Accessed: 2014-11-08}
}

@book{Pthreads,
	author = {Nichols, Bradford and Buttlar, Dick and Farrell, Jacqueline Proulx},
	title = {Pthreads Programming},
	year = {1996},
	isbn = {1-56592-115-1},
	publisher = {O'Reilly \& Associates, Inc.},
	address = {Sebastopol, CA, USA},
} 
@INPROCEEDINGS{Helgrind,
    author = {Nicholas Nethercote and Julian Seward},
    title = {Valgrind: A program supervision framework},
    booktitle = {In Third Workshop on Runtime Verification (RVâ€™03},
    year = {2003}
}
